%% This file was converted to BibTeX by Writer2BibTeX ver. 1.0.2.
%% See http://writer2latex.sourceforge.net for more info.

@CONFERENCE{LAU00,
    AUTHOR = {James Laudon and Daniel Lenoski},
    MONTH = {May},
    PAGES = {241{}-251},
    PUBLISHER = {Proceedings of the 24th Annual International Symposium on Computer Architecture},
    TITLE = {The SGI Origin: A ccNUMA Highly Scalable Server},
    YEAR = {1997},
}

@BOOK{HEN00,
    ADDRESS = {500 Sansome Street, Suite 400, San Francisco, CA},
    AUTHOR = {John L. Hennessy and David A. Patterson},
    CHAPTER = {1},
    EDITION = {4th},
    PAGES = {1},
    PUBLISHER = {Morgan Kaufmann Publishers},
    TITLE = {Computer Architecture: A Quantitative Approach},
    YEAR = {2007},
    ISBN = {13: 978{}-0{}-12{}-370490{}-0},
}

@CONFERENCE{WOO00,
    AUTHOR = {Steven Cameron Woo, Moriyoshi Ohara, Evan Torrie, Jaswinder Pal Singh, and Anoop Gupta},
    MONTH = {June},
    PAGES = {24{}-36},
    PUBLISHER = {Proceedings of the 22nd Annual International Symposium on Computer Architecture},
    TITLE = {The SPLASH{}-2 Programs: Characterization and Methodological Considerations},
    YEAR = {1995},
}

@CONFERENCE{FAR00,
    AUTHOR = {Keith I. Farkas and Norman P. Jouppi},
    MONTH = {April},
    PAGES = {211{}-222},
    PUBLISHER = {Proceedings of the 21st International Symposium on Computer Architecture},
    TITLE = {Complexity/Performance Tradeoffs with Non{}-Blocking Loads},
    YEAR = {1994},
}

